@ARTICLE{benzid, 
author={R. Benzid}, 
journal={Electronics Letters}, 
title={Lossless compression of binary image using move-to-front transform and two-role encoder}, 
year={2011}, 
volume={47}, 
number={2}, 
pages={104-105}, 
doi={10.1049/el.2010.2362}, 
}

@book{H264,
	author = {Richardson, Iain E.},
	title = {The H.264 Advanced Video Compression Standard},
	year = {2010},
	edition = {2nd},
	publisher = {Wiley Publishing},
} 
